

@manual{chapter6,
      title  = "Tutorial 6, Turbulence, Steady State",
      author = "Bahram Haddadi",
      year   = "5th edition, Sept. 2019 (accessed November 7, 2019)"
    }
    
 @manual{chapter7,
      title  = "Tutorial 7, Turbulence, Transient",
       author = "Bahram Haddadi",
      year   = "5th edition, Sept. 2019 (accessed November 7, 2019)"
    }
    
@misc{Lecture3,
  Author = {Patel, Dipal },
  Institution = {Ontario Tech University},
  Howpublished = {Lecture Notes},
  Year = {2019},
  Title = {Lecture 3 - Governing Equations - I}
}

@manual{blockmesh,
      title  = "OpenFoam: Open source CFD: Documentation: Meshing",
      author = "OpenCFD Ltd.",
      url    = "https://www.openfoam.com/documentation/guides/latest/doc/guide-meshing-blockmesh.html",
      year   = "2017 - 2019 (accessed November 7, 2019)"
    }
    
@article{boundary,
  author = {Fangqing Liu},
  year = {2016},
  title = {A Thorough Description Of How Wall Functions Are Implemented In OpenFOAM},
  journal = {In Proceedings of CFD with OpenSource Software},
  editor = {Nilsson. H.},
  url = {http://www.tfd.chalmers.se/~hani/kurser/OS_CFD_2016/FangqingLiu/openfoamFinal.pdf}
}
  
@manual{geometry,
      title  = "OpenFOAM v6 User Guide: 5.2 Boundaries",
      author = "CFD Direct Ltd.",
     url    = "https://cfd.direct/openfoam/user-guide/v6-boundaries/",
      year   = "2015 - 2019 (accessed November 15, 2019)"
    }
    
    
@manual{boundary1,
      title  = "User Guide - A.4 Standard boundary conditions",
      author = "OpenCFD Ltd.",
      url    = "https://www.openfoam.com/documentation/user-guide/standard-boundaryconditions.php",
      year   = "2016 - 2018 (accessed November 15, 2019)"
    }
    
@manual{figure_geometry,
      title  = "3.1 Steady turbulent flow over a backward-facing step",
      author = "OpenCFD Ltd.",
      url    = "https://www.openfoam.com/documentation/tutorial-guide/tutorialse5.php",
      year   = "2004-2011, 2016-2018 (accessed November 27, 2019)"
    }
    
  @book{versteeg2007introduction,
  title={An introduction to computational fluid dynamics: the finite volume method},
  author={Versteeg, Henk Kaarle and Malalasekera, Weeratunge},
  year={2007},
  publisher={Pearson education}
}