@misc{SHA_NIST_FIPS,
  author = {Quynh Dang},
  title = {Secure Hash Standard},
  year = {2015},
  month = {2015-08-04},
  publisher = {Federal Inf. Process. Stds. (NIST FIPS), National Institute of Standards and Technology, Gaithersburg, MD},
  doi = {https://doi.org/10.6028/NIST.FIPS.180-4},
  language = {en},
}
